<record><leader>00000cas a2200000 a 4500</leader><controlfield tag="001">17528469</controlfield><controlfield tag="008">880223u1uuuuuuuwauwr ne      0    0eng d</controlfield><datafield ind1=" " ind2=" " tag="010"><subfield code="a">sn 88085533 </subfield></datafield><datafield ind1=" " ind2=" " tag="040"><subfield code="a">SLZ</subfield><subfield code="b">eng</subfield><subfield code="c">SLZ</subfield><subfield code="d">OCL</subfield><subfield code="d">OCLCQ</subfield></datafield><datafield ind1=" " ind2=" " tag="042"><subfield code="a">msc</subfield></datafield><datafield ind1="0" ind2="0" tag="245"><subfield code="a">Coulee City dispatch.</subfield></datafield><datafield ind1=" " ind2=" " tag="260"><subfield code="a">Coulee City, Wash. :</subfield><subfield code="b">Stapleton &amp; Ray</subfield></datafield><datafield ind1=" " ind2=" " tag="300"><subfield code="a">v.</subfield></datafield><datafield ind1=" " ind2=" " tag="310"><subfield code="a">Weekly</subfield></datafield><datafield ind1=" " ind2=" " tag="515"><subfield code="a">Numerous issues missing.</subfield></datafield><datafield ind1=" " ind2=" " tag="515"><subfield code="a">Error in numbering: Vol. 18, no. 19 (Jan. 3, 1929) called v. 19, no. 19.</subfield></datafield><datafield ind1=" " ind2=" " tag="588"><subfield code="a">Description based on: Vol. 7, no. 38 (May 26, 1916).</subfield></datafield><datafield ind1=" " ind2=" " tag="752"><subfield code="a">United States</subfield><subfield code="b">Washington</subfield><subfield code="c">Grant</subfield><subfield code="d">Coulee City.</subfield></datafield><datafield ind1="1" ind2=" " tag="029"><subfield code="a">AU@</subfield><subfield code="b">000020503582</subfield></datafield></record>